<record xmlns:xsi="http://www.w3.org/2001/XMLSchema-instance" xmlns="http://www.loc.gov/MARC21/slim" xsi:schemaLocation="http://www.loc.gov/MARC21/slim http://www.loc.gov/standards/marcxml/schema/MARC21slim.xsd">

  <leader>00731nam a2200205   4500</leader>
  <controlfield tag="008">160307b2008    sp ||||| |||| 00| | spa d</controlfield>
  <datafield ind2=" " tag="020" ind1=" ">
    <subfield code="a">9788427715776</subfield>
  </datafield>
  <datafield ind1=" " ind2=" " tag="090">
    <subfield code="a">14.02.03</subfield>
    <subfield code="b">2304</subfield>
  </datafield>
  <datafield ind1="1" ind2="0" tag="100">
    <subfield code="9">1505</subfield>
    <subfield code="a">García Lastra, Marta</subfield>
    <subfield code="e">Editora</subfield>
  </datafield>
  <datafield ind1="1" ind2="3" tag="245">
    <subfield code="a">Las mujeres cambian la educación: investigar la escuela, relatar la experiencia /</subfield>
    <subfield code="c">Marta García Lastra; Adelina Calvo Salvador y Teresa Susinos Rada (Editoras)</subfield>
  </datafield>
  <datafield tag="260" ind2=" " ind1=" ">
    <subfield code="a">Madrid, España :</subfield>
    <subfield code="b">Narcea,</subfield>
    <subfield code="c">2008</subfield>
  </datafield>
  <datafield ind1=" " ind2=" " tag="300">
    <subfield code="a">286 páginas</subfield>
  </datafield>
  <datafield ind1=" " tag="650" ind2="0">
    <subfield code="9">55</subfield>
    <subfield code="a">MUJERES</subfield>
  </datafield>
  <datafield ind1="1" tag="650" ind2="4">
    <subfield code="9">1</subfield>
    <subfield code="a">EDUCACIÓN</subfield>
  </datafield>
  <datafield tag="650" ind2="4" ind1="1">
    <subfield code="9">69</subfield>
    <subfield code="a">GÉNERO</subfield>
  </datafield>
  <datafield tag="650" ind2="4" ind1="1">
    <subfield code="9">422</subfield>
    <subfield code="a">RELATOS PERSONALES</subfield>
  </datafield>
  <datafield ind2=" " tag="700" ind1=" ">
    <subfield code="9">1506</subfield>
    <subfield code="a">Calvo Salvador, Adelina</subfield>
    <subfield code="e">Editora</subfield>
  </datafield>
  <datafield ind2=" " tag="700" ind1=" ">
    <subfield code="9">1507</subfield>
    <subfield code="a">Susinos Rada, Teresa</subfield>
    <subfield code="e">Editora</subfield>
  </datafield>
  <datafield ind1=" " tag="942" ind2=" ">
    <subfield code="2">z</subfield>
    <subfield code="c">01</subfield>
  </datafield>
  <datafield tag="999" ind2=" " ind1=" ">
    <subfield code="c">3099</subfield>
    <subfield code="d">3099</subfield>
  </datafield>
</record>